@article{labordere2019branching,
author = {Pierre Henry-Labord{\`e}re and Nadia Oudjane and Xiaolu Tan and Nizar Touzi and Xavier Warin},
title = {{Branching diffusion representation of semilinear PDEs and Monte Carlo approximation}},
volume = {55},
journal = {Annales de l'Institut Henri Poincaré, Probabilités et Statistiques},
number = {1},
publisher = {Institut Henri Poincaré},
pages = {184 -- 210},
keywords = {branching processes, Monte-Carlo methods, Semilinear PDEs},
year = {2019},
doi = {10.1214/17-AIHP880},
URL = {https://doi.org/10.1214/17-AIHP880}
}
